<?xml version="1.0" encoding="UTF-8"?>
<record xmlns="http://www.loc.gov/MARC21/slim" xmlns:xsi="http://www.w3.org/2001/XMLSchema-instance" xsi:schemaLocation="http://www.loc.gov/MARC21/slim http://www.loc.gov/standards/marcxml/schema/MARC21slim.xsd">
<leader>     nam a2200385 a 4500</leader>
<controlfield tag="001">001676404</controlfield>
<controlfield tag="003">NNU</controlfield>
<controlfield tag="005">19991221100228.0</controlfield>
<controlfield tag="008">960328m19141919iq      r     000 0 ara d</controlfield>
<datafield tag="035" ind1="9" ind2=" ">
<subfield code="a">NYUb12219755</subfield>
</datafield>
<datafield tag="035" ind1=" " ind2=" ">
<subfield code="a">(NIC)notisASY1646</subfield>
</datafield>
<datafield tag="035" ind1=" " ind2=" ">
<subfield code="a">(OCoLC)ocm34482286</subfield>
</datafield>
<datafield tag="035" ind1=" " ind2=" ">
<subfield code="a">(CStRLIN)NYCXASY1646-B</subfield>
</datafield>
<datafield tag="040" ind1=" " ind2=" ">
<subfield code="a">KUK</subfield>
<subfield code="c">KUK</subfield>
<subfield code="d">FUG</subfield>
<subfield code="d">NIC</subfield>
</datafield>
<datafield tag="043" ind1=" " ind2=" ">
<subfield code="a">a-ir---</subfield>
<subfield code="a">a------</subfield>
<subfield code="a">f------</subfield>
</datafield>
<datafield tag="100" ind1="1" ind2=" ">
<subfield code="a">Ibn Miskawayh, Aḥmad ibn Muḥammad,</subfield>
<subfield code="d">d. 1030.</subfield>
</datafield>
<datafield tag="245" ind1="1" ind2="0">
<subfield code="a">Kitāb tajārib al-umam /</subfield>
<subfield code="c">li-Abī ʻAlī Aḥmad ibn Muḥammad al-maʻrūf bi-Miskawayh ; [prepared by H.F. Amedroz and D.S. Margoliouth].</subfield>
</datafield>
<datafield tag="260" ind1=" " ind2=" ">
<subfield code="a">Baghdād:</subfield>
<subfield code="b">yuṭlab min Maktabat al-Muthanná,</subfield>
<subfield code="c">1914-1919.</subfield>
</datafield>
<datafield tag="300" ind1=" " ind2=" ">
<subfield code="a">4 v. in 2 ;</subfield>
<subfield code="c">25 cm.</subfield>
</datafield>
<datafield tag="500" ind1=" " ind2=" ">
<subfield code="a">Vol. 3 has title: Dhayl Kitāb tajārib al-umam.</subfield>
</datafield>
<datafield tag="500" ind1=" " ind2=" ">
<subfield code="a">On cover, v. 3-4: History of Hiläl as-Säbi (part 8), by Hiläl ibn al-Muhassin as-Sabi.</subfield>
</datafield>
<datafield tag="500" ind1=" " ind2=" ">
<subfield code="a">Romanized record.</subfield>
</datafield>
<datafield tag="500" ind1=" " ind2=" ">
<subfield code="a">In Arabic.</subfield>
</datafield>
<datafield tag="505" ind1="0" ind2=" ">
<subfield code="a">juzʼ 1-2. Sanat 295-329 h. [wa] sanat 329-369 h. (2 v. in 1) --juzʼ 3-4. Dhayl Kitāb tajārib al-umam, lil-wazīr Abī Shujāʻ, sanat 369-389 h. al-Juzʼ al-thāmin min Taʼrīkh Hilāl ibn al-Muḥassin al-Ṣābī, sanat 389-393 h. (2 v. in 1)</subfield>
</datafield>
<datafield tag="500" ind1=" " ind2=" ">
<subfield code="a">Added t.p. in English.</subfield>
</datafield>
<datafield tag="651" ind1=" " ind2="0">
<subfield code="a">Iran</subfield>
<subfield code="x">History.</subfield>
</datafield>
<datafield tag="651" ind1=" " ind2="0">
<subfield code="a">Islamic Empire</subfield>
<subfield code="x">History.</subfield>
</datafield>
<datafield tag="700" ind1="1" ind2=" ">
<subfield code="a">Rūdhrāwarī, Abū Shujāʻ Muḥammad ibn al-Ḥusayn,</subfield>
<subfield code="d">1045-1095.</subfield>
</datafield>
<datafield tag="700" ind1="1" ind2=" ">
<subfield code="a">Ṣābī, Hilāl ibn al-Muḥassin,</subfield>
<subfield code="d">970-1056.</subfield>
</datafield>
<datafield tag="700" ind1="1" ind2=" ">
<subfield code="a">Amedroz, H. F.</subfield>
<subfield code="q">(Henry Frederick),</subfield>
<subfield code="d">1855-1917.</subfield>
</datafield>
<datafield tag="700" ind1="1" ind2=" ">
<subfield code="a">Margoliouth, D. S.</subfield>
<subfield code="q">(David Samuel),</subfield>
<subfield code="d">1858-1940.</subfield>
</datafield>
<datafield tag="740" ind1="0" ind2=" ">
<subfield code="a">Tajārib al-umam.</subfield>
</datafield>
<datafield tag="OWN" ind1=" " ind2=" ">
<subfield code="a">GENERAL</subfield>
</datafield>
<datafield tag="950" ind1=" " ind2=" ">
<subfield code="l">BMAIN</subfield>
<subfield code="a">DS76</subfield>
<subfield code="b">.I35</subfield>
</datafield>
<datafield tag="955" ind1=" " ind2=" ">
<subfield code="l">BMAIN</subfield>
<subfield code="c">1:v.1/4</subfield>
<subfield code="r">028398496</subfield>
</datafield>
<datafield tag="987" ind1=" " ind2=" ">
<subfield code="a">record : use?</subfield>
<subfield code="b">4 v. in 2</subfield>
</datafield>
<datafield tag="998" ind1=" " ind2=" ">
<subfield code="s">9115</subfield>
</datafield>
<datafield tag="AVA" ind1=" " ind2=" ">
<subfield code="a">NYU50</subfield>
<subfield code="b">BOBST</subfield>
<subfield code="c">Main Collection</subfield>
<subfield code="d">DS76 .I35</subfield>
<subfield code="e">unavailable</subfield>
<subfield code="t">Unavailable</subfield>
<subfield code="f">1</subfield>
<subfield code="g">1</subfield>
<subfield code="h">Y</subfield>
<subfield code="i">1</subfield>
<subfield code="j">MAIN</subfield>
<subfield code="k">0</subfield>
</datafield>
</record>
